@ARTICLE{Smith:2013jd,
	author = {Jones, A.~B. and Smith, J.~M.},
	title = {{A}rticle {T}itle},
	journal = {{J}ournal {T}itle},
	year = {2013},
	volume = {13},
	pages = {123-456},
	number = {52},
	month = {March},
	publisher = {Publisher}
}

@ARTICLE{Prado:2008,
author = {Prado, Pedro and Monteiro, Ant√≥nio},
year = {2008},
month = {11},
pages = {},
title = {Pattern recognition algorithms},
volume = {5}
}

@ARTICLE{Nuti:2019,
  title={A Bayesian Decision Tree Algorithm},
  author={Nuti, Giuseppe and Rugama, Llu{\i}s Antoni Jim{\'e}nez and Cross, Andreea-Ingrid},
  journal={stat},
  volume={1050},
  pages={11},
  year={2019}
}

@ARTICLE{Pandya:2015,
  title={C5. 0 algorithm to improved decision tree with feature selection and reduced error pruning},
  author={Pandya, Rutvija and Pandya, Jayati},
  journal={International Journal of Computer Applications},
  volume={117},
  number={16},
  pages={18--21},
  year={2015},
  publisher={Foundation of Computer Science}
}

@ARTICLE{xu:2018,
  title={Bayesian Na{\"\i}ve Bayes classifiers to text classification},
  author={Xu, Shuo},
  journal={Journal of Information Science},
  volume={44},
  number={1},
  pages={48--59},
  year={2018},
  publisher={SAGE Publications Sage UK: London, England}
}

@ARTICLE{vijayarani:2015,
  title={Liver disease prediction using SVM and Na{\"\i}ve Bayes algorithms},
  author={Vijayarani, S and Dhayanand, S},
  journal={International Journal of Science, Engineering and Technology Research (IJSETR)},
  volume={4},
  number={4},
  pages={816--820},
  year={2015}
}

@ARTICLE{scikit-learn,
	title={Scikit-learn: Machine Learning in {P}ython},
	author={Pedregosa, F. and Varoquaux, G. and Gramfort, A. and Michel, V.
	and Thirion, B. and Grisel, O. and Blondel, M. and Prettenhofer, P.
	and Weiss, R. and Dubourg, V. and Vanderplas, J. and Passos, A. and
	Cournapeau, D. and Brucher, M. and Perrot, M. and Duchesnay, E.},
	journal={Journal of Machine Learning Research},
	volume={12},
	pages={2825--2830},
	year={2011}
}
